@article{Alken2021,
  title = {International Geomagnetic Reference Field: the thirteenth generation},
  volume = {73},
  ISSN = {1880-5981},
  url = {http://dx.doi.org/10.1186/s40623-020-01288-x},
  DOI = {10.1186/s40623-020-01288-x},
  number = {1},
  journal = {Earth,  Planets and Space},
  publisher = {Springer Science and Business Media LLC},
  author = {Alken,  P. and Thébault,  E. and Beggan,  C. D. and Amit,  H. and Aubert,  J. and Baerenzung,  J. and Bondar,  T. N. and Brown,  W. J. and Califf,  S. and Chambodut,  A. and Chulliat,  A. and Cox,  G. A. and Finlay,  C. C. and Fournier,  A. and Gillet,  N. and Grayver,  A. and Hammer,  M. D. and Holschneider,  M. and Huder,  L. and Hulot,  G. and Jager,  T. and Kloss,  C. and Korte,  M. and Kuang,  W. and Kuvshinov,  A. and Langlais,  B. and Léger,  J.-M. and Lesur,  V. and Livermore,  P. W. and Lowes,  F. J. and Macmillan,  S. and Magnes,  W. and Mandea,  M. and Marsal,  S. and Matzka,  J. and Metman,  M. C. and Minami,  T. and Morschhauser,  A. and Mound,  J. E. and Nair,  M. and Nakano,  S. and Olsen,  N. and Pavón-Carrasco,  F. J. and Petrov,  V. G. and Ropp,  G. and Rother,  M. and Sabaka,  T. J. and Sanchez,  S. and Saturnino,  D. and Schnepf,  N. R. and Shen,  X. and Stolle,  C. and Tangborn,  A. and Tøffner-Clausen,  L. and Toh,  H. and Torta,  J. M. and Varner,  J. and Vervelidou,  F. and Vigneron,  P. and Wardinski,  I. and Wicht,  J. and Woods,  A. and Yang,  Y. and Zeren,  Z. and Zhou,  B.},
  year = {2021},
  month = feb 
}
@article{Winch2005,
  title = {Geomagnetism and Schmidt quasi-normalization},
  volume = {160},
  ISSN = {1365-246X},
  url = {http://dx.doi.org/10.1111/j.1365-246X.2004.02472.x},
  DOI = {10.1111/j.1365-246x.2004.02472.x},
  number = {2},
  journal = {Geophysical Journal International},
  publisher = {Oxford University Press (OUP)},
  author = {Winch,  D. E. and Ivers,  D. J. and Turner,  J. P. R. and Stening,  R. J.},
  year = {2005},
  month = feb,
  pages = {487–504}
}
